@misc{Dhar2018,
	author = {Aritra Dhar and Der-Yeuan Yu and Kari Kostiainen and Srdjan Capkun},
	title = {INTEGRIKEY: Integrity Protection of User Input
	for Remote Configuration of Safety-Critical Devices},
	howpublished = {Cryptology ePrint Archive, Report 2017/1245},
	year = {2017},
	note = {\url{https://eprint.iacr.org/2017/1245}},
}

@misc{perspectiveTransform,
	author = {OpenCV},
	title = {Perspective Transform},
	howpublished = {\url{https://docs.opencv.org/2.4/modules/core/doc/operations_on_arrays.html}},
	note = {Accessed May 2018},
	year={2018}
}

@article{fleck2008smart,
  title={Smart camera based monitoring system and its application to assisted living},
  author={Fleck, Sven and Stra{\ss}er, Wolfgang},
  journal={Proceedings of the IEEE},
  volume={96},
  number={10},
  pages={1698--1714},
  year={2008},
  publisher={IEEE}
}

@online{lenovoSmartHome,
  author = {{Lenovo}},
  title = {{Lenovo Smart Assistant with Google Home}},
  year = 2018,
  url = {https://www.lenovo.com/gb/en/smart-display/},
  note = {Accessed September 2019}
}

@article{wald2018real,
  title={Real-Time Fully Incremental Scene Understanding on Mobile Platforms},
  author={Wald, Johanna and Tateno, Keisuke and Sturm, J{\"u}rgen and Navab, Nassir and Tombari, Federico},
  journal={IEEE Robotics and Automation Letters},
  volume={3},
  number={4},
  pages={3402--3409},
  year={2018},
  publisher={IEEE}
}

@online{smartphonesCV,
  author = {{Alex Perala}},
  title = {{Computer Vision Takes Spotlight in Latest Google Smartphones}},
  year = 2018,
  url = {https://mobileidworld.com/computer-vision-google-smartphones-910111/},
  note = {Accessed August 2019}
}




@online{TimCookAR,
  author = {{DavidPhelan}},
  title = {{Tim Cook on the importance of coding and Augmented Reality}},
  year = 2017,
  url = {https://www.independent.co.uk/life-style/gadgets-and-tech/features/apple-tim-cook-boss-brexit-uk-theresa-may-number-10-interview-ustwo-a7574086.html},
  note = {Accessed August 2018}
}

@online{HoloLens2,
  title =	 {{HoloLens 2}-{Mixed reality is ready for business}},
  url =
                  {https://www.microsoft.com/en-us/hololens},
  author =	 {Microsoft},
  month =	 June,
  year =	 {2019},
  note =	 {Accessed June 2019}
}

@misc{tesseractOCR,
	author = {Google and Ray Smith and Hewlett-Packard},
	title = {Tesseract OCR},
	howpublished = {\url{https://github.com/tesseract-ocr/}},
	note = {Accessed July 2018},
	year={2018}
}

@misc{seleniumWebDriver,
	author = {Selenium},
	title = {Selenium WebDriver: A browser automation framework and ecosystem},
	howpublished = {\url{https://github.com/SeleniumHQ/selenium}},
	note = {Accessed July 2018},
	year={2018}
}

@misc{ApacheTomcat,
	author = {Apache},
	title = {Apache Tomcat.},
	howpublished = {\url{https://tomcat.apache.org/}},
	note = {Accessed July 2018},
	year={2019}
}

@inproceedings{howWeType,
	title={How we type: Movement strategies and performance in everyday typing},
	author={Feit, Anna Maria and Weir, Daryl and Oulasvirta, Antti},
	booktitle={ACM CHI},
	year={2016}
}

@inproceedings{krafka2016eye,
	title={Eye tracking for everyone},
	author={Krafka, Kyle and Khosla, Aditya and Kellnhofer, Petr and Kannan, Harini and Bhandarkar, Suchendra and Matusik, Wojciech and Torralba, Antonio},
	booktitle={IEEE CVPR},
	year={2016}
}

@inproceedings{eyeOfTheTyper,
	author = {Papoutsaki, Alexandra and Gokaslan, Aaron and Tompkin, James and He, Yuze and Huang, Jeff},
	title = {The Eye of the Typer: A Benchmark and Analysis of Gaze Behavior During Typing},
	booktitle = {Proceedings of the 2018 ACM Symposium on Eye Tracking Research \& Applications},
	series = {ETRA '18},
	year = {2018},
	isbn = {978-1-4503-5706-7},
	location = {Warsaw, Poland},
	pages = {16:1--16:9},
	articleno = {16},
	numpages = {9},
	url = {http://doi.acm.org/10.1145/3204493.3204552},
	doi = {10.1145/3204493.3204552},
	acmid = {3204552},
	publisher = {ACM},
	address = {New York, NY, USA},
	keywords = {eye tracking, typing, user behavior, webcams},
} 

@article{pereira2013effect,
	title={The effect of keyboard key spacing on typing speed, error, usability, and biomechanics: Part 1},
	author={Pereira, Anna and Lee, David L and Sadeeshkumar, Harini and Laroche, Charles and Odell, Dan and Rempel, David},
	journal={Human factors},
	volume={55},
	number={3},
	pages={557--566},
	year={2013},
	publisher={Sage Publications Sage CA: Los Angeles, CA}
}

@misc{uberHack,
	author = {Wired},
	title = {Uber Paid Off Hackers to Hide a 57-Million User Data Breach},
	howpublished = {\url{https://www.wired.com/story/uber-paid-off-hackers-to-hide-a-57-million-user-data-breach/}},
	year = {2017},
	note = {Accessed July 2018},
}



@misc{openCV,
	author = {OpenCV},
	title = {Open Source Computer Vision Library},
	howpublished = {\url{https://opencv.org/}},
	year = {2018},
	note = {Accessed June 2018},
}


@misc{googleOCR,
	author = {Google},
	title = {Text Recognition API Overview},
	howpublished = {\url{https://developers.google.com/vision/android/text-overview
	}},
	year = {2017},
	note = {Accessed June 2018},
}


@inproceedings{WhatYouEnterIsWhatYouSign,
  title={What You Enter Is What You Sign: input integrity in an online banking environment},
  author={Kiljan, Sven and Vranken, Harald and Van Eekelen, Marko},
  booktitle={IEEE STAST},
  year={2014}
}


@article{interpretingSUS,
	title={Determining what individual SUS scores mean: Adding an adjective rating scale},
	author={Bangor, Aaron and Kortum, Philip and Miller, James},
	journal={Journal of usability studies},
	volume={4},
	number={3},
	pages={114--123},
	year={2009},
	publisher={Usability Professionals' Association}
}

@article{SUS,
	author = {John Brooke},
	title = {SUS: A quick and dirty usability scale},
	year = {1996},
	journal = {Usability Evaluation in Industry}
}

@inproceedings{zhang2002visual,
	title={Visual marker detection and decoding in {AR} systems: A comparative study},
	author={Zhang, Xiang and Fronz, Stephan and Navab, Nassir},
	booktitle={IEEE ISMAR},
	year={2002}
}

@Misc{extensionHack1,
	title = {Over A Million Coders Targeted By Chrome Extension Hack},
	author={Forbes},
	howpublished = {\url{https://www.forbes.com/sites/leemathews/2017/08/03/over-a-million-coders-targeted-by-chrome-extension-hack}},
	year={Accessed June 2018}
}

@Misc{extensionHack2,
	title = {Hackers Hijacked A Chrome Extension And Forced Ads On Over 30,000 Users},
	author={Forbes},
	howpublished = {\url{https://www.forbes.com/sites/leemathews/2017/07/31/hackers-hijacked-a-chrome-extension-and-forced-ads-on-over-30000-users}},
	year={Accessed June 2018}
}

@Misc{extensionSold,
	title = {Adware vendors buy Chrome Extensions to send ad- and malware-filled updates},
	author={Arstechnica},
	howpublished = {\url{https://arstechnica.com/information-technology/2014/01/malware-vendors-buy-chrome-extensions-to-send-adware-filled-updates}},
	year={Accessed jun 2018}
}



@Misc{EUAgencyAssumeHostCompromised,
	title = {High Roller online bank robberies reveal security gaps},
	author={{EU cyber security agency (ENISA)}},
	howpublished={\url{https://tinyurl.com/ENISA-online-bank-robberies}},
	year={2019},
	note={Accessed Jul 2018}
}




@Misc{hardwareOTP,
	title = {RSA SECURID Hardware Tokens},
	author={rsa.com},
	howpublished = {\url{https://www.rsa.com/en-us/resources/rsa-securid-hardware-tokens}},
	year={Accessed jun 2018}
}

@inproceedings{garcia2017hey,
  title={Hey, My Malware Knows Physics! Attacking PLCs with Physical Model Aware Rootkit},
  author={Garcia, Luis and Brasser, Ferdinand and Cintuglu, Mehmet H and Sadeghi, Ahmad-Reza and Mohammed, Osama and Zonouz, Saman A},
  booktitle={24th Annual Network \& Distributed System Security Symposium (NDSS)},
  year={2017}
}

@article{dierks2008transport,
  title={The transport layer security (TLS) protocol version 1.2},
  author={Dierks, Tim},
  year={2008}
}

@article{zonouz2014detecting,
  title={Detecting industrial control malware using automated PLC code analytics},
  author={Zonouz, Saman and Rrushi, Julian and McLaughlin, Stephen},
  journal={IEEE Security \& Privacy},
}

@inproceedings{malchow2015plc,
  title={Plc guard: A practical defense against attacks on cyber-physical systems},
  author={Malchow, Jan-Ole and Marzin, Daniel and Klick, Johannes and Kovacs, Robert and Roth, Volker},
  booktitle={Communications and Network Security (CNS), 2015},
}

@inproceedings{fachkha2017internet,
  title={Internet-scale probing of CPS: Inference, characterization and orchestration analysis},
  author={Fachkha, Claude and Bou-Harb, Elias and Keliris, Anastasis and Memon, Nasir and Ahamad, Mustaque},
  booktitle={Proceedings of NDSS},
  year={2017}
}

@inproceedings{Liu:2009,
 author = {Liu, Yao and Ning, Peng and Reiter, Michael K.},
 title = {False Data Injection Attacks Against State Estimation in Electric Power Grids},
 booktitle = {Proceedings of the 16th ACM Conference on Computer and Communications Security},
 series = {CCS '09},
}

@inproceedings{userHabituation08,
author = {AlZomai, Mohammed and AlFayyadh, Bander and Josang, Audun and McCullagh, Adrian},
title = {An Experimental Investigation of the Usability of Transaction Authorizationin Online Bank Security Systems},
booktitle = {6th Australasian conference on Information Security},
year = {2008},
}

@ARTICLE{6545301,
author={F. Pasqualetti and F. DÃ¶rfler and F. Bullo},
journal={IEEE Transactions on Automatic Control},
title={Attack Detection and Identification in Cyber-Physical Systems},
year={2013}}

@Inbook{Garitano2011,
author="Garitano, I{\~{n}}aki
and Uribeetxeberria, Roberto
and Zurutuza, Urko",
editor="Corchado, Emilio
and Sn{\'a}{\v{s}}el, V{\'a}clav
and Sedano, Javier
and Hassanien, Aboul Ella
and Calvo, Jos{\'e} Luis
and {\'{S}}lezak, Dominik",
title="A Review of SCADA Anomaly Detection Systems",
bookTitle="Soft Computing Models in Industrial and Environmental Applications, 6th International Conference SOCO 2011",
}


@inproceedings{castro1999pbft,
	author = {Castro, Miguel and Liskov, Barbara},
	title = {Practical Byzantine Fault Tolerance},
	booktitle = {Proceedings of the Third Symposium on Operating Systems Design and Implementation},
	series = {OSDI '99},
	year = {1999},
	isbn = {1-880446-39-1},
	location = {New Orleans, Louisiana, USA},
	pages = {173--186},
	numpages = {14},
	url = {http://dl.acm.org/citation.cfm?id=296806.296824},
	acmid = {296824},
	publisher = {USENIX Association},
	address = {Berkeley, CA, USA},
} 

@inproceedings{sadeghi2015security,
	title={Security and privacy challenges in industrial {Internet of Things}},
	author={Sadeghi, Ahmad-Reza and Wachsmann, Christian and Waidner, Michael},
	booktitle={ACM/EDAC/IEEE DAC},
	year={2015}
}

@Inbook{pedersen1991threshold,
	author="Pedersen, Torben Pryds",
	editor="Davies, Donald W.",
	title="A Threshold Cryptosystem without a Trusted Party",
	bookTitle="Advances in Cryptology --- EUROCRYPT '91: Workshop on the Theory and Application of Cryptographic Techniques Brighton, UK, April 8--11, 1991 Proceedings",
	year="1991",
	publisher="Springer Berlin Heidelberg",
	address="Berlin, Heidelberg",
	pages="522--526",
	isbn="978-3-540-46416-7",
	doi="10.1007/3-540-46416-6_47",
	url="https://doi.org/10.1007/3-540-46416-6_47"
}

@inproceedings{duVote,
	title={Du-vote: Remote electronic voting with untrusted computers},
	author={Grewal, Gurchetan S and Ryan, Mark D and Chen, Liqun and Clarkson, Michael R},
	booktitle={Computer Security Foundations Symposium (CSF), 2015 IEEE 28th},
	pages={155--169},
	year={2015},
	organization={IEEE}
}


@inproceedings{duAnalysis,
	title={To du or not to du: a security analysis of du-vote},
	author={Kremer, Steve and R{\o}nne, Peter B},
	booktitle={Security and Privacy (EuroS\&P), 2016 IEEE European Symposium on},
	pages={473--486},
	year={2016},
	organization={IEEE}
}

@article{haenni,
	title={Voting over the Internet on an insecure platform},
	author={Haenni, Rolf and Koenig, Reto E},
	journal={Design, Development and use of Secure Electronic Voting Systems},
	pages={62--75},
	year={2013}
}

@inproceedings{chaum2011paperless,
	title={Paperless independently-verifiable voting},
	author={Chaum, David and Florescu, Alex and Nandi, Mridul and Popoveniuc, Stefan and Rubio, Jan and Vora, Poorvi L and Zag{\'o}rski, Filip},
	booktitle={International Conference on E-Voting and Identity},
	pages={140--157},
	year={2011},
	organization={Springer}
}


@INPROCEEDINGS{4267580,
author={C. Bellettini and J. L. Rrushi},
booktitle={2007 IEEE SMC Information Assurance and Security Workshop},
title={Vulnerability Analysis of SCADA Protocol Binaries through Detection of Memory Access Taintedness}}

@techreport{byres2006shaky,
  title={On shaky ground-A study of security vulnerabilities in control protocols},
  author={Byres, EJ and Huffman, D and Kube, N},
  year={2006},
  institution={American Nuclear Society, 555 North Kensington Avenue, La Grange Park, IL 60526 (United States)}
}

@inproceedings{treytl2004security,
  title={Security measures for industrial fieldbus systems-state of the art and solutions for ip-based approaches},
  author={Treytl, Albert and Sauter, Thilo and Schwaiger, Christian},
  booktitle={Factory Communication Systems, 2004. Proceedings. 2004 IEEE International Workshop on}
}

@inproceedings{cheung2007using,
  title={Using model-based intrusion detection for SCADA networks},
  author={Cheung, Steven and Dutertre, Bruno and Fong, Martin and Lindqvist, Ulf and Skinner, Keith and Valdes, Alfonso},
  booktitle={Proceedings of the SCADA security scientific symposium},
  year={2007}
}

@article{goldenberg2013accurate,
  title={Accurate modeling of Modbus/TCP for intrusion detection in SCADA systems},
  author={Goldenberg, Niv and Wool, Avishai},
  journal={International Journal of Critical Infrastructure Protection},
  year={2013},
  publisher={Elsevier}
}
%%%
@inproceedings{hadvziosmanovic2014through,
  title={Through the eye of the PLC: semantic security monitoring for industrial processes},
  author={Had{\v{z}}iosmanovi{\'c}, Dina and Sommer, Robin and Zambon, Emmanuele and Hartel, Pieter H},
  booktitle={Proceedings of the 30th Annual Computer Security Applications Conference},
  year={2014},
  organization={ACM}
}

@inproceedings{mclaughlin2012sabot,
  title={SABOT: specification-based payload generation for programmable logic controllers},
  author={McLaughlin, Stephen and McDaniel, Patrick},
  booktitle={Proceedings of the 2012 ACM CCS},
}

@inproceedings{caselli2015modeling,
  title={Modeling message sequences for intrusion detection in industrial control systems},
  author={Caselli, Marco and Zambon, Emmanuele and Petit, Jonathan and Kargl, Frank},
  booktitle={International Conference on Critical Infrastructure Protection},
  year={2015},
  organization={Springer}
}


@inproceedings{mclaughlin2011dynamic,
  title={On Dynamic Malware Payloads Aimed at Programmable Logic Controllers.},
  author={McLaughlin, Stephen E},
  booktitle={HotSec},
  year={2011}
}


%%%

@inproceedings{mclaughlin2014trusted,
  title={A Trusted Safety Verifier for Process Controller Code.},
  author={McLaughlin, Stephen E and Zonouz, Saman A and Pohly, Devin J and McDaniel, Patrick D},
  booktitle={NDSS},
  year={2014}
}

@inproceedings{wang2012attestation,
  title={Attestation \& authentication for usb communications},
  author={Wang, Zhaohui and Stavrou, Angelos},
  booktitle={Software Security and Reliability Companion (SERE-C), 2012 IEEE Sixth International Conference on},
}


@article{he2014enhanced,
  title={Enhanced three-factor security protocol for consumer USB mass storage devices},
  author={He, Debiao and Kumar, Neeraj and Lee, Jong-Hyouk and Sherratt, R},
  journal={IEEE Transactions on Consumer Electronics},
  year={2014},
  publisher={IEEE}
}


@INPROCEEDINGS{a2,
author={K. Yang and M. Hicks and Q. Dong and T. Austin and D. Sylvester},
booktitle={2016 IEEE Symposium on Security and Privacy (SP)},
title={A2: Analog Malicious Hardware}}


@Inbook{Lin2009,
author="Lin, Lang
and Kasper, Markus
and G{\"u}neysu, Tim
and Paar, Christof
and Burleson, Wayne",
editor="Clavier, Christophe
and Gaj, Kris",
title="Trojan Side-Channels: Lightweight Hardware Trojans through Side-Channel Engineering",
bookTitle="Cryptographic Hardware and Embedded Systems - CHES 2009: 11th International Workshop Lausanne, Switzerland, September 6-9, 2009 Proceedings"
}

@article{provos2007ghost,
  title={The Ghost in the Browser: Analysis of Web-based Malware.},
  author={Provos, Niels and McNamee, Dean and Mavrommatis, Panayiotis and Wang, Ke and Modadugu, Nagendra and others},
  journal={HotBots},
  year={2007}
}

@article{dougan2012man,
  title={Man in the browser attacks},
  author={Dougan, Timothy and Curran, Kevin},
  journal={International Journal of Ambient Computing and Intelligence (IJACI)},
  year={2012},
  publisher={IGI Global}
}

%drive by download
@article{mavrommatis2008all,
  title={All your iframes point to us},
  author={Mavrommatis, Niels Provos Panayiotis and Monrose, Moheeb Abu Rajab Fabian},
  year={2008}
}




@article{clarke2007advanced,
  title={Advanced user authentication for mobile devices},
  author={Clarke, Nathan Luke and Furnell, SM},
  journal={computers \& security},
  year={2007},
  publisher={Elsevier}
}

@inproceedings{adida2007beamauth,
  title={Beamauth: two-factor web authentication with a bookmark},
  author={Adida, Ben},
  booktitle={Proceedings of the 14th ACM conference on Computer and communications security},
  year={2007},
  organization={ACM}
}

@inproceedings{bonneau2012quest,
  title={The quest to replace passwords: A framework for comparative evaluation of web authentication schemes},
  author={Bonneau, Joseph and Herley, Cormac and Van Oorschot, Paul C and Stajano, Frank},
  booktitle={Security and Privacy (SP), 2012 IEEE Symposium on},
  year={2012},
  organization={IEEE}
}


@article{khan2010cryptanalysis,
  title={Cryptanalysis and security improvements of Âtwo-factor user authentication in wireless sensor networksÂ},
  author={Khan, Muhammad Khurram and Alghathbar, Khaled},
  journal={Sensors},
  year={2010},
  publisher={Molecular Diversity Preservation International}
}

%Zero day

@inproceedings{bilge2012before,
  title={Before we knew it: an empirical study of zero-day attacks in the real world},
  author={Bilge, Leyla and Dumitras, Tudor},
  booktitle={Proceedings of the 2012 ACM conference on Computer and communications security},
  year={2012},
  organization={ACM}
}

@inproceedings{crandall2005deriving,
  title={On deriving unknown vulnerabilities from zero-day polymorphic and metamorphic worm exploits},
  author={Crandall, Jedidiah R and Su, Zhendong and Wu, S Felix and Chong, Frederic T},
  booktitle={Proceedings of the 12th ACM conference on Computer and communications security},
  year={2005},
  organization={ACM}
}

@inproceedings{egelman2013markets,
  title={Markets for zero-day exploits: Ethics and implications},
  author={Egelman, Serge and Herley, Cormac and Van Oorschot, Paul C},
  booktitle={Proceedings of the 2013 workshop on New security paradigms workshop},
  organization={ACM}
}

@inproceedings{grace2012riskranker,
  title={Riskranker: scalable and accurate zero-day android malware detection},
  author={Grace, Michael and Zhou, Yajin and Zhang, Qiang and Zou, Shihong and Jiang, Xuxian},
  booktitle={Proceedings of the 10th international conference on Mobile systems, applications, and services},
  year={2012},
  organization={ACM}
}


@inproceedings{portokalidis2008eudaemon,
  title={Eudaemon: Involuntary and on-demand emulation against zero-day exploits},
  author={Portokalidis, Georgios and Bos, Herbert},
  booktitle={ACM SIGOPS Operating Systems Review},
  year={2008},
  organization={ACM}
}

@inproceedings{wang2010k,
  title={k-Zero Day Safety: Measuring the Security Risk of Networks against Unknown Attacks.},
  author={Wang, Lingyu and Jajodia, Sushil and Singhal, Anoop and Noel, Steven},
  booktitle={ESORICS},
  year={2010},
  organization={Springer}
}

@article{leita2007sgnet,
  title={SGNET: a distributed infrastructure to handle zero-day exploits},
  author={Leita, Corrado and Dacier, Marc and Wicherski, Georg},
  journal={Institut Eurecom, France, Tech. Rep. EURECOM},
  year={2007}
}

@inproceedings{portokalidis2006argos,
  title={Argos: an emulator for fingerprinting zero-day attacks for advertised honeypots with automatic signature generation},
  author={Portokalidis, Georgios and Slowinska, Asia and Bos, Herbert},
  booktitle={ACM SIGOPS Operating Systems Review},
  year={2006},
}

@article{modi2013survey,
  title={A survey of intrusion detection techniques in cloud},
  author={Modi, Chirag and Patel, Dhiren and Borisaniya, Bhavesh and Patel, Hiren and Patel, Avi and Rajarajan, Muttukrishnan},
  journal={Journal of Network and Computer Applications},
  year={2013},
  publisher={Elsevier}
}

@inproceedings{wang2006automated,
  title={Automated web patrol with strider honeymonkeys},
  author={Wang, Yi-Min and Beck, Doug and Jiang, Xuxian and Roussev, Roussi and Verbowski, Chad and Chen, Shuo and King, Sam},
  booktitle={Proceedings of the 2006 Network and Distributed System Security Symposium},
  year={2006}
}

@misc{alexa, title={The top 500 sites on the web}, howpublished={\url{https://www.alexa.com/topsites}}, journal={Alexa Top 500 Global Sites}}

@misc{ha, title={Home Assistant Demo}, howpublished={\url{https://home-assistant.io/demo/}}, journal={Home Assistant Demo}}

@misc{controlbyweb, title={X-600M | Web Enabled I/O Controller}, howpublished={\url{https://www.controlbyweb.com/x600m}}, journal={ControlByWeb}}

@Inbook{Salomaa1997,
author="Salomaa, Kai
and Yu, Sheng",
editor="Raymond, Darrell
and Wood, Derick
and Yu, Sheng",
title="NFA to DFA transformation for finite languages",
bookTitle="Automata Implementation: First International Workshop on Implementing Automata, WIA '96 London, Ontario, Canada, August 29--31, 1996 Revised Papers",
year="1997",
publisher="Springer Berlin Heidelberg",
}

%webusb and webbt
@misc{webusb, title={WebUSB API}, howpublished = {\url{https://wicg.github.io/webusb/}}, journal={WebUSB API}}

@misc{webbt, title={Web Bluetooth}, howpublished = {\url{https://webbluetoothcg.github.io/web-bluetooth/}}, journal={Web Bluetooth API}}

%%plc examples
@misc{siemens, title={Sitraffic smartGuard}, howpublished={\url{https://www.siemens.com/global/en/home/products/mobility/road-solutions/traffic-management/strategic-management-and-coordination/centrals/smartguard.html}}, journal={Sitraffic smartGuard - Centrals - Siemens Global Website}}

@misc{siemens2, title={SIMATIC S7-1200}, howpublished={\url{https://www.siemens.com/global/en/home/products/automation/systems/industrial/plc/s7-1200.html}}, journal={SIMATIC S7-1200 - SIMATIC Controllers - Siemens Global Website}}

@misc{schneider, title={Modicon Momentum}, howpublished={\url{https://www.schneider-electric.us/en/product-range/535-modicon-momentum}}, journal={Standard - Modicon Momentum | Schneider Electric}}

@misc{sgx, title={Intel SGX homepage}, howpublished={\url{https://software.intel.com/en-us/sgx}}}

@misc{txt, title={Intel Trusted Execution Technology}, howpublished={\url{https://software.intel.com/en-us/articles/intel-trusted-execution-technology}}}



@article{costan2016intel,
  title={Intel SGX Explained.},
  author={Costan, Victor and Devadas, Srinivas},
  journal={IACR Cryptology ePrint Archive},
  year={2016}
}

@inproceedings{nie2007dynamic,
  title={Dynamic root of trust in trusted computing},
  author={Nie, Cong},
  booktitle={TKK T1105290 Seminar on Network Security},
  year={2007},
  organization={Citeseer}
}

@inproceedings{2008flicker,
  title={Flicker: An execution infrastructure for TCB minimization},
  author={McCune, Jonathan M and Parno, Bryan J and Perrig, Adrian and Reiter, Michael K and Isozaki, Hiroshi},
  booktitle={ACM SIGOPS Operating Systems Review},
  year={2008}
}




@INPROCEEDINGS{7306669,
author={B. Mahato and T. Maity and J. Antony},
booktitle={2015 Second International Conference on Advances in Computing and Communication Engineering},
title={Embedded Web PLC: A New Advances in Industrial Control and Automation}}

%social engg
@article{granger2001social,
  title={Social engineering fundamentals, part I: hacker tactics},
  author={Granger, Sarah},
  journal={Security Focus, December},
  year={2001}
}

%ui manipulation
@inproceedings{huang2012clickjacking,
  title={Clickjacking: Attacks and Defenses.},
  author={Huang, Lin-Shung and Moshchuk, Alexander and Wang, Helen J and Schecter, Stuart and Jackson, Collin},
  booktitle={USENIX security symposium},
  year={2012}
}

@article{rydstedt2010busting,
  title={Busting frame busting: a study of clickjacking vulnerabilities at popular sites},
  author={Rydstedt, Gustav and Bursztein, Elie and Boneh, Dan and Jackson, Collin},
  journal={IEEE Oakland Web},
  year={2010}
}

@INPROCEEDINGS{6978928,
author={S. Kiljan and H. Vranken and M. Van Eekelen},
booktitle={2014 Workshop on Socio-Technical Aspects in Security and Trust},
title={What You Enter Is What You Sign: Input Integrity in an Online Banking Environment}}

%sec indicator

@inproceedings {197283,
	author = {Adrienne Porter Felt and Robert W. Reeder and Alex Ainslie and Helen Harris and Max Walker and Christopher Thompson and Mustafa Embre Acer and Elisabeth Morant and Sunny Consolvo},
	title = {Rethinking Connection Security Indicators},
	booktitle = {Twelfth Symposium on Usable Privacy and Security ({SOUPS} 2016)},
	year = {2016},
	
	address = {Denver, CO},
}

@inproceedings{detectingScreens,
	author = {Korayem, Mohammed and Templeman, Robert and Chen, Dennis and Crandall, David and Kapadia, Apu},
	title = {Enhancing Lifelogging Privacy by Detecting Screens},
	booktitle = {ACM CHI},
	year = {2016},
}

@inproceedings{41927,
title = {Experimenting At Scale With Google Chrome's SSL Warning},
author  = {Adrienne Porter Felt and Robert W. Reeder and Hazim Almuhimedi and Sunny Consolvo},
year  = {2014},
booktitle = {ACM CHI Conference on Human Factors in Computing Systems}
}

@misc{i2c, title={I2C}, howpublished={\url{https://learn.sparkfun.com/tutorials/i2c}}, journal={I2C},
note = {Accessed on 27.04.2018}, year={2018}}


@misc{brics, title={dk.brics.automaton - finite-state automata and regular expression for Java}, howpublished={\url{http://www.brics.dk/automaton/}}}

%%new references from s&p reviews
@INPROCEEDINGS{binder,
author={Weidong Cui and R. H. Katz and {Wai-tian} Tan},
booktitle={ACSAC},
title={Design and implementation of an extrusion-based break-in detector for personal computers},
year={2005}
}

@inproceedings{unidirectionalTrustedPath,
	title={Uni-directional trusted path: Transaction confirmation on just one device},
	author={Filyanov, Atanas and McCuney, Jonathan M and Sadeghi, Ahmad-Reza and Winandy, Marcel},
	booktitle={IEEE/IFIP DSN},
	year={2011}
}

@inproceedings{habituationSecurityUI,
	author = {Bravo-Lillo, Cristian and Komanduri, Saranga and Cranor, Lorrie Faith and Reeder, Robert W. and Sleeper, Manya and Downs, Julie and Schechter, Stuart},
	title = {Your Attention Please: Designing Security-decision UIs to Make Genuine Risks Harder to Ignore},
	booktitle = {Proceedings of the Ninth Symposium on Usable Privacy and Security},
	series = {SOUPS '13},
	year = {2013},
	isbn = {978-1-4503-2319-2},
	location = {Newcastle, United Kingdom},
	pages = {6:1--6:12},
	articleno = {6},
	numpages = {12},
	url = {http://doi.acm.org/10.1145/2501604.2501610},
	doi = {10.1145/2501604.2501610},
	acmid = {2501610},
	publisher = {ACM},
	address = {New York, NY, USA},
	keywords = {attractors, dialogs, habituation, methodologies, usable security, warnings},
}

@INPROCEEDINGS{ImplantsSecurity,
	author = {M. Rushanan and A. D. Rubin and D. F. Kune and C. M. Swanson},
	booktitle = {IEEE S\&P},
	title = {SoK: Security and Privacy in Implantable Medical Devices and Body Area Networks},
	year = {2014}
}


@inproceedings{nab,
 author = {Gummadi, Ramakrishna and Balakrishnan, Hari and Maniatis, Petros and Ratnasamy, Sylvia},
 title = {Not-a-Bot: Improving Service Availability in the Face of Botnet Attacks},
 booktitle = {USENIX NSDI},
 year={2019}
} 


@inproceedings{binsalleeh2010analysis,
	title={On the analysis of the zeus botnet crimeware toolkit},
	author={Binsalleeh, Hamad and Ormerod, Thomas and Boukhtouta, Amine and Sinha, Prosenjit and Youssef, Amr and Debbabi, Mourad and Wang, Lingyu},
	booktitle={IEEE PST},
	year={2010}
}

@inproceedings{gyrus,
  title={Gyrus: A Framework for User-Intent Monitoring of Text-based Networked Applications},
  author={Jang, Yeongjin and Chung, Simon P and Payne, Bryan D and Lee, Wenke},
  booktitle={NDSS},
  year={2014}
}

@inproceedings{blom2012designed,
	title={Designed to fail: A USB-connected reader for online banking},
	author={Blom, Arjan and de Koning Gans, Gerhard and Poll, Erik and De Ruiter, Joeri and Verdult, Roel},
	booktitle={Nordic Conference on Secure IT Systems},
	pages={1--16},
	year={2012},
	organization={Springer}
}



%trusted path

@INPROCEEDINGS{utp,
author={A. Filyanov and J. M. McCuney and A. R. Sadeghi and M. Winandy},
booktitle={2011 IEEE/IFIP 41st International Conference on Dependable Systems Networks (DSN)},
title={Uni-directional trusted path: Transaction confirmation on just one device},}

@inproceedings{weigold2011,
  title={Secure confirmation of sensitive transaction data in modern Internet banking services},
  author={Weigold, Thomas and Hiltgen, Alain},
  booktitle={IEEE WorldCIS},
  year={2011}
}

@inproceedings{x86,
  title={Building verifiable trusted path on commodity x86 computers},
  author={Zhou, Zongwei and Gligor, Virgil D and Newsome, James and McCune, Jonathan M},
  booktitle={IEEE S\&P},
  year={2012}
}


@INPROCEEDINGS{wimpyKernel,
author={Z. Zhou and M. Yu and V. D. Gligor},
booktitle={2014 IEEE Symposium on Security and Privacy},
title={Dancing with Giants: Wimpy Kernels for On-Demand Isolated I/O},}

@inproceedings{schechter2007emperor,
  title={The emperor's new security indicators},
  author={Schechter, Stuart E and Dhamija, Rachna and Ozment, Andy and Fischer, Ian},
  booktitle={Security and Privacy, 2007. SP'07. IEEE Symposium on},
  organization={IEEE}
}

@article{hashizume2013analysis,
  title={An analysis of security issues for cloud computing},
  author={Hashizume, Keiko and Rosado, David G and Fern{\'a}ndez-Medina, Eduardo and Fernandez, Eduardo B},
  journal={Journal of internet services and applications},
  year={2013},
  publisher={Springer}
}

@inproceedings{perez2013characterizing,
  title={Characterizing hypervisor vulnerabilities in cloud computing servers},
  author={Perez-Botero, Diego and Szefer, Jakub and Lee, Ruby B},
  booktitle={Proceedings of the 2013 international workshop on Security in cloud computing},
  organization={ACM}
}

@inproceedings{Korayem:2016:ELP:2858036.2858417,
 author = {Korayem, Mohammed and Templeman, Robert and Chen, Dennis and Crandall, David and Kapadia, Apu},
 title = {Enhancing Lifelogging Privacy by Detecting Screens},
 booktitle = {Proceedings of the 2016 CHI Conference on Human Factors in Computing Systems},
 series = {CHI '16},
 } 

@article{wang2016two,
  title={Two birds with one stone: Two-factor authentication with security beyond conventional bound},
  author={Wang, Ding and Wang, Ping},
  journal={IEEE transactions on dependable and secure computing},
  volume={15},
  number={4},
  pages={708--722},
  year={2016},
  publisher={IEEE}
}


@inproceedings{sgxio,
 author = {Weiser, Samuel and Werner, Mario},
 title = {SGXIO: Generic Trusted I/O Path for Intel SGX},
 booktitle = {ACM CODASPY},
year = {2017}
}


@inproceedings{filyanov2011uni,
  title={Uni-directional trusted path: Transaction confirmation on just one device},
  author={Filyanov, Atanas and McCuney, Jonathan M and Sadeghiz, Ahmad-Reza and Winandy, Marcel},
  booktitle={Dependable Systems \& Networks (DSN), 2011 IEEE/IFIP 41st International Conference on},
  year={2011},
  organization={IEEE}
}

@inproceedings{klein2009sel4,
  title={seL4: Formal verification of an OS kernel},
  author={Klein, Gerwin and Elphinstone, Kevin and Heiser, Gernot and Andronick, June and Cock, David and Derrin, Philip and Elkaduwe, Dhammika and Engelhardt, Kai and Kolanski, Rafal and Norrish, Michael and others},
  booktitle={ACM SOSP},
  year={2009}
}

@inproceedings{zhou2012building,
  title={Building verifiable trusted path on commodity x86 computers},
  author={Zhou, Zongwei and Gligor, Virgil D and Newsome, James and McCune, Jonathan M},
  booktitle={Security and Privacy (SP), 2012 IEEE Symposium on},
  year={2012},
  organization={IEEE}
}

@article{Overshadow,
  title={Overshadow: a virtualization-based approach to retrofitting protection in commodity operating systems},
  author={Chen, Xiaoxin and Garfinkel, Tal and Lewis, E Christopher and Subrahmanyam, Pratap and Waldspurger, Carl A and Boneh, Dan and Dwoskin, Jeffrey and Ports, Dan RK},
  journal={ACM SIGOPS Operating Systems Review},
  volume={42},
  number={2},
  pages={2--13},
  year={2008},
  publisher={ACM}
}


@article{criswell2014virtual,
  title={Virtual ghost: Protecting applications from hostile operating systems},
  author={Criswell, John and Dautenhahn, Nathan and Adve, Vikram},
  journal={ACM SIGARCH Computer Architecture News},
  year={2014},
  publisher={ACM}
}

@inproceedings{hofmann2013inktag,
  title={Inktag: Secure applications on an untrusted operating system},
  author={Hofmann, Owen S and Kim, Sangman and Dunn, Alan M and Lee, Michael Z and Witchel, Emmett},
  booktitle={ACM SIGARCH Computer Architecture News},
  year={2013},
  organization={ACM}
}

@inproceedings{mccune2010trustvisor,
  title={TrustVisor: Efficient TCB reduction and attestation},
  author={McCune, Jonathan M and Li, Yanlin and Qu, Ning and Zhou, Zongwei and Datta, Anupam and Gligor, Virgil and Perrig, Adrian},
  booktitle={IEEE S\&P},
  year={2010}
}

@inproceedings{ta2006splitting,
  title={Splitting interfaces: Making trust between applications and operating systems configurable},
  author={Ta-Min, Richard and Litty, Lionel and Lie, David},
  booktitle={USENIX OSDI},
  year={2006}
}

@inproceedings{yang2008using,
  title={Using hypervisor to provide data secrecy for user applications on a per-page basis},
  author={Yang, Jisoo and Shin, Kang G},
  booktitle={ACM SIGPLAN/SIGOPS VEE},
  year={2008},
}

@misc{androidConfirmation, 
title={Android Protected Confirmation: Taking transaction security to the next level}, 
url={https://android-developers.googleblog.com/2018/10/android-protected-confirmation.html}, 
journal={Android Developers Blog}, 
year={2018}, 
month={Oct}
}

@inproceedings{driveByDownload,
author = {Rieck, Konrad and Krueger, Tammo and Dewald, Andreas},
title = {Cujo: Efficient Detection and Prevention of Drive-by-Download Attacks},
year = {2010},
booktitle = {Proceedings of the 26th Annual Computer Security Applications Conference},
location = {Austin, Texas, USA},
series = {ACSAC '10}
}

@inproceedings{extensionSecurity,
  title={VEX: Vetting Browser Extensions for Security Vulnerabilities.},
  author={Bandhakavi, Sruthi and King, Samuel T and Madhusudan, Parthasarathy and Winslett, Marianne},
  booktitle={USENIX Security Symposium},
  volume={10},
  pages={339--354},
  year={2010}
}

@inproceedings{extensionSecurity1,
title	= {Protecting Browsers from Extension Vulnerabilities},
author	= {Adam Barth and Adrienne Porter Felt and Prateek Saxena and Aaron Boodman},
year	= {2010},
booktitle	= {Network and Distributed System Security Symposium},
series = {NDSS '10}
}

@inproceedings{kernelSecurity,
  title={Digtool: A virtualization-based framework for detecting kernel vulnerabilities},
  author={Pan, Jianfeng and Yan, Guanglu and Fan, Xiaocao},
  booktitle={26th {USENIX} Security Symposium ({USENIX} Security 17)},
  pages={149--165},
  year={2017}
}

@inproceedings{linuxMalware,
  title={Understanding linux malware},
  author={Cozzi, Emanuele and Graziano, Mariano and Fratantonio, Yanick and Balzarotti, Davide},
  booktitle={2018 IEEE Symposium on Security and Privacy (SP)},
  pages={161--175},
  year={2018},
  series={SP '18}
}

@misc{microsoftPatches,
    author = "{Microsoft}",
    title = {{Security Update Guide.}},
    howpublished = {\url{https://msrc.microsoft.com/update-guide/}},
    note = {Online; accessed December 2020}
}

@misc{wannacry,
    author = "{The Washington Post}",
    title = {{NSA officials worried about the day its potent hacking tool would get loose. Then it did.}},
    howpublished = {\url{https://cyber-peace.org/wp-content/uploads/2017/05/NSA-officials-worried-about-the-day-its-potent-hacking-tool-would-get-loose.-Then-it-did.pdf}},
    note = {Online; accessed December 2020}
}

@misc{zeusMalware,
    author = "{Digital Defense Inc.}",
    title = {{Zeus Trojan - What It Is and How to Prevent it}},
    howpublished = {\url{https://www.digitaldefense.com/blog/zeus-trojan-what-it-is-how-to-prevent-it-digital-defense}},
    note = {Online; accessed December 2020}
}


@inproceedings{protection,
  author    = {Aritra Dhar and
               Enis Ulqinaku and
               Kari Kostiainen and
               Srdjan Capkun},
  title     = {ProtectIOn: Root-of-Trust for {IO} in Compromised Platforms},
  booktitle = {27th Annual Network and Distributed System Security Symposium, {NDSS}
               2020, San Diego, California, USA, February 23-26, 2020},
  publisher = {The Internet Society},
  year      = {2020}
}


@inproceedings{fidelius,
  title={Fidelius: Protecting user secrets from compromised browsers},
  author={Eskandarian, Saba and Cogan, Jonathan and Birnbaum, Sawyer and Brandon, Peh Chang Wei and Franke, Dillon and Fraser, Forest and Garcia, Gaspar and Gong, Eric and Nguyen, Hung T and Sethi, Taresh K and others},
  booktitle={2019 IEEE Symposium on Security and Privacy (SP)},
  pages={264--280},
  year={2019},
  organization={IEEE}
}

@inproceedings{objectDetectionMobicom19,
author = {Liu, Luyang and Li, Hongyu and Gruteser, Marco},
title = {Edge Assisted Real-Time Object Detection for Mobile Augmented Reality},
year = {2019},
booktitle = {The 25th Annual International Conference on Mobile Computing and Networking},
location = {Los Cabos, Mexico},
series = {MobiCom '19}
}

@inproceedings{objectDetectionNIPS15,
author = {Ren, Shaoqing and He, Kaiming and Girshick, Ross and Sun, Jian},
title = {Faster R-CNN: Towards Real-Time Object Detection with Region Proposal Networks},
year = {2015},
booktitle = {Proceedings of the 28th International Conference on Neural Information Processing Systems - Volume 1},
pages = {91â99},
location = {Montreal, Canada},
series = {NIPS'15}
}

@INPROCEEDINGS{objectDetectionBD18,  
author={R. {Huang} and J. {Pedoeem} and C. {Chen}},  
booktitle={2018 IEEE International Conference on Big Data (Big Data)},   title={YOLO-LITE: A Real-Time Object Detection Algorithm Optimized for Non-GPU Computers},   
year={2018},  
pages={2503-2510}
}

