
@inproceedings{liu2003performance,
  title={Performance comparison of MPI implementations over InfiniBand, Myrinet and Quadrics},
  author={Liu et al., Jiuxing and Chandrasekaran},
  booktitle={SC'03},
  year={2003},
}

@article{ZombieLoad,
    title = {{ZombieLoad}: Cross-Privilege-Boundary Data Sampling},
    author = {Schwarz et al., Michael},
    journal = {arXiv:1905.05726},
    year = {2019},
}


@inproceedings{gotzfried2017cache,
  title={Cache attacks on Intel SGX},
  author={G{\"o}tzfried et al., Johannes},
  booktitle={EuroSec'17},
  year={2017},
}

@inproceedings{obfscuro,
  title={OBFSCURO: A Commodity Obfuscation Engine on Intel SGX},
  author={Ahmad et al., A.},
  year={2019},
  organization={NDSS'19}
}

@inproceedings{SadeghiProperty,
  title={Property-based attestation for computing platforms: caring about properties, not mechanisms},
  author={Sadeghi, Ahmad-Reza and St{\"u}ble, Christian},
  booktitle={Proceedings of the 2004 workshop on New security paradigms},
  pages={67--77},
  year={2004}
}



@inproceedings{zerotrace,
  title={ZeroTrace: Oblivious memory primitives from Intel SGX},
  author={Sasy et al., Sajin},
  booktitle={NDSS'17},
  year={2017}
}

@inproceedings{raccoon,
  title={Raccoon: Closing Digital Side-Channels through Obfuscated Execution.},
  author={Rane et al., Ashay},
  booktitle={USENIX Security'15},
  year={2015}
}


@article{genkin2016physical,
  title={Physical key extraction attacks on PCs},
  author={Genkin et al., Daniel},
  journal={Communications of the ACM},
  volume={59},
  number={6},
  year={2016},
}


@inproceedings {foreshadow-usenix18,
author = {Jo Van Bulck et al.},
title = {Foreshadow: Extracting the Keys to the Intel {SGX} Kingdom with Transient Out-of-Order Execution},
booktitle = {USENIX Security'18},
year = {2018}
}



% Rollback related work

@inproceedings{ariadne,
  title={Ariadne: A minimal approach to state continuity},
  author={Strackx, Raoul and Piessens, Frank},
  booktitle={USENIX Security},
  year={2016}
}

% Trusted Path related work


@inproceedings{mccune2008flicker,
  title={Flicker: An execution infrastructure for TCB minimization},
  author={McCune et al., Jonathan M},
  booktitle={ACM SIGOPS Operating Systems Review},
  year={2008}
}

%hotcalls
@article{weisse2017regaining,
  title={Regaining lost cycles with HotCalls: A fast interface for SGX secure enclaves},
  author={Weisse, Ofir and Bertacco, Valeria and Austin, Todd},
  journal={ACM SIGARCH Computer Architecture News},
  volume={45},
  number={2},
  pages={81--93},
  year={2017},
  publisher={ACM New York, NY, USA}
}


%cuckoo attck

@inproceedings{parno2008bootstrapping,
  title={Bootstrapping Trust in a Trusted Platform},
  author={Parno, Bryan},
  booktitle={HotSec'08},
  year={2008}
}



%sg and sgx-attestation related papers

@misc{epid_attestation, title={Intel SGX: EPID Provisioning and Attestation Services}, howpublished={http://tiny.cc/6nbvbz}, journal={Qualify for Free Software - Student  Intel Software}, publisher={Intel}, author={Johnson, Simon and Intel}, year={2017}}

@misc{sgxexplained,
    author = {V. Costan and S. Devadas},
    title = {Intel SGX Explained},
    howpublished = {Cryptology ePrint Archive, Report 2016/086},
    year = {2016}
}


@inproceedings{schuster2015vc3,
  title={VC3: Trustworthy data analytics in the cloud using SGX},
  author={Schuster et al., Felix},
  booktitle={S\&P'15},
	year = {2015}
}


@inproceedings{tofu,
 author = {Wendlandt  et al., Dan},
 title = {Perspectives: Improving SSH-style Host Authentication with Multi-path Probing},
 booktitle = {USENIX ATC'08},
 year = {2008},
} 


%trustzone

@InProceedings{CatchingCuckoo,
author="Fink et al., Russell A.",
title="Catching the Cuckoo: Verifying TPM Proximity Using a Quote Timing Side-Channel",
booktitle="Trust and Trustworthy Computing",
year="2011"
}



@inproceedings{Lipp2018meltdown,
 author = {Lipp et al., Moritz},
 title = {Meltdown: Reading Kernel Memory from User Space},
 journal = {USENIX Security'18},
 year = 2018
}

@inproceedings{Kocher2018spectre,
 author = {Kocher, Paul et al.},
 title = {Spectre Attacks: Exploiting Speculative Execution},
 booktitle = {S\&P'19},
 year = 2019,
}

@inproceedings {sgxcache,
	author = {Ferdinand Brasser et al.},
	title = {Software Grand Exposure: {SGX} Cache Attacks Are Practical},
	booktitle = {USENIX WOOT'17},
	year = {2017}
}

@inproceedings{gotzfried2017cache,
  title={Cache attacks on Intel SGX},
  author={G{\"o}tzfried, Johannes and Eckert, Moritz and Schinzel, Sebastian and M{\"u}ller, Tilo},
  booktitle={Proceedings of the 10th European Workshop on Systems Security},
  year={2017}
}

@article{dall2018cachequote,
  title={Cachequote: Efficiently recovering long-term secrets of SGX EPID via cache attacks},
  author={Dall et al., Fergus},
  journal={TCHES},
  volume={2018},
  number={2},
  year={2018}
}


@inproceedings{moghimi2017cachezoom,
  title={Cachezoom: How SGX amplifies the power of cache attacks},
  author={Moghimi, Ahmad and Irazoqui, Gorka and Eisenbarth, Thomas},
  booktitle={CHES'17},
  year={2017},
}

@inproceedings{xu2015controlled,
	title={Controlled-channel attacks: Deterministic side channels for untrusted operating systems},
	author={Xu, Yuanzhong et al.},
	booktitle={S\&P'15},
	year={2015}
}

@inproceedings{lee2017inferring,
	title={Inferring fine-grained control flow inside SGX enclaves with branch shadowing},
	author={Lee, Sangho et al.},
	booktitle={USENIX Security'17},
	year = {2017}
}

@InProceedings{distanceBounding,
	author={Brands, Stefan and Chaum, David},
	title={Distance-Bounding Protocols},
	booktitle={EUROCRYPT '93},
	year=1993
}

@inproceedings{matetic2017rote,
  title={ROTE: Rollback Protection for Trusted Execution.},
  author={Matetic ET AL., Sinisa},
  booktitle = {USENIX Security'17},
	year = {2017}
}


@misc{tinyCore, title={Tiny Core Linux, Micro Core Linux, 12MB Linux GUI Desktop, Live, Frugal, Extendable},
howpublished={https://distro.ibiblio.org/tinycorelinux/}, journal={Tiny Core Linux, Micro Core Linux, 12MB Linux GUI Desktop, Live, Frugal, Extendable}, year={2018}}

@inproceedings{presenceAttestation,
 author = {Zhang  et al., Zhangkai},
 title = {Presence Attestation: The Missing Link in Dynamic Trust Bootstrapping},
 booktitle = {CCS '17},
year={2017}
}


@inproceedings{gandolfi2001electromagnetic,
  title={Electromagnetic analysis: Concrete results},
  author={Gandolfi  et al., Karine},
  booktitle={CHES'01},
  year={2001},
}

@inproceedings{wang2006covert,
  title={Covert and side channels due to processor architecture},
  author={Wang, Zhenghong and Lee, Ruby B},
  booktitle={ACSAC'06},
  year={2006},
}

@article{shamir2004acoustic,
  title={Acoustic cryptanalysis},
  author={Shamir, Adi and Tromer, Eran},
  journal={presentation available from http://www. wisdom. weizmann. ac. il/~ tromer},
  year={2004}
}

@misc{DCAP,
  title={Supporting Third Party Attestation for Intel SGX with Intel Data Center Attestation Primitives},
  note={\url{http://tiny.cc/oxbvbz}},
  author={Scarlata et al., Vinnie},
  year={2018},
}

@misc{ardCrypto,
  title={GitHub - rweather/arduinolibs: Arduino Cryptography Library},
  note={\url{https://github.com/rweather/arduinolibs}},
  author={rweather},
  year={2020},
}


@misc{algoLogic,
  title={Low Latency PCIe Solutions for FPGA},
  howpublished={https://www.algo-logic.com/sites/default/files/PCIe.pdf},
  publisher={Algo-Logic Systems, Inc.},
  author={Algo-Logic Systems, Inc.},
  year={2019}
}

@misc{agarwal_agarwal_2018, 
title={Public Cloud Inter-region Network Latency as Heat-maps}, url={http://tiny.cc/vvbvbz}, 
publisher={Medium}, 
author={Agarwal, Sachin}, 
year={2018}}

@misc{mbed, 
title={SSL Library mbed TLS / PolarSSL}, 
url={https://tls.mbed.org/}, 
journal={mbed TLS}, 
author={Limited, ARM}}

 @misc{fx3, howpublished={\url{https://www.cypress.com/products/ez-usb-fx3-superspeed-usb-30-peripheral-controller}}, journal={EZ-USB FX$3^{TM}$ SuperSpeed USB 3.0 peripheral controller}} 
 
  @misc{fx3_sdk, howpublished={\url{https://www.cypress.com/documentation/software-and-drivers/ez-usb-fx3-software-development-kit}}, journal={EZ-USB FX3 Software Development Kit}} 
