@inproceedings{garcia2017hey,
  title={Hey, My Malware Knows Physics! Attacking PLCs with Physical Model Aware Rootkit},
  author={Garcia, Luis and Brasser, Ferdinand and Cintuglu, Mehmet H and Sadeghi, Ahmad-Reza and Mohammed, Osama and Zonouz, Saman A},
  booktitle={NDSS},
  year={2017}
}

@article{dierks2008transport,
  title={The transport layer security (TLS) protocol version 1.2},
  author={Dierks, Tim},
  year={2008}
}

@article{zonouz2014detecting,
  title={Detecting industrial control malware using automated PLC code analytics},
  author={Zonouz, Saman and Rrushi, Julian and McLaughlin, Stephen},
  journal={S \& P},
}

@inproceedings{malchow2015plc,
  title={Plc guard: A practical defense against attacks on cyber-physical systems},
  author={Malchow, Jan-Ole and Marzin, Daniel and Klick, Johannes and Kovacs, Robert and Roth, Volker},
  booktitle={CNS, 2015},
}

@inproceedings{fachkha2017internet,
  title={Internet-scale probing of CPS: Inference, characterization and orchestration analysis},
  author={Fachkha, Claude and Bou-Harb, Elias and Keliris, Anastasis and Memon, Nasir and Ahamad, Mustaque},
  booktitle={NDSS},
  year={2017}
}

@inproceedings{Liu:2009,
 author = {Liu, Yao and Ning, Peng and Reiter, Michael K.},
 title = {False Data Injection Attacks Against State Estimation in Electric Power Grids},
 series = {CCS '09},
}

@ARTICLE{6545301,
author={F. Pasqualetti and F. Dörfler and F. Bullo},
journal={IEEE Transactions on Automatic Control},
title={Attack Detection and Identification in Cyber-Physical Systems},
year={2013}}

@Inbook{Garitano2011,
author="Garitano, I{\~{n}}aki
and Uribeetxeberria, Roberto
and Zurutuza, Urko",
editor="Corchado, Emilio
and Sn{\'a}{\v{s}}el, V{\'a}clav
and Sedano, Javier
and Hassanien, Aboul Ella
and Calvo, Jos{\'e} Luis
and {\'{S}}lȩzak, Dominik",
title="A Review of SCADA Anomaly Detection Systems",
bookTitle="SOCO 2011",
}

@INPROCEEDINGS{4267580,
author={C. Bellettini and J. L. Rrushi},
booktitle={2007 IEEE SMC Information Assurance and Security Workshop},
title={Vulnerability Analysis of SCADA Protocol Binaries through Detection of Memory Access Taintedness}}

@techreport{byres2006shaky,
  title={On shaky ground-A study of security vulnerabilities in control protocols},
  author={Byres, EJ and Huffman, D and Kube, N},
  year={2006}
}

@inproceedings{treytl2004security,
  title={Security measures for industrial fieldbus systems-state of the art and solutions for ip-based approaches},
  author={Treytl, Albert and Sauter, Thilo and Schwaiger, Christian},
  booktitle={Factory Communication Systems, 2004. Proceedings. 2004 IEEE International Workshop on}
}

@inproceedings{cheung2007using,
  title={Using model-based intrusion detection for SCADA networks},
  author={Cheung, Steven and Dutertre, Bruno and Fong, Martin and Lindqvist, Ulf and Skinner, Keith and Valdes, Alfonso},
  booktitle={Proceedings of the SCADA security scientific symposium},
  year={2007}
}

@article{goldenberg2013accurate,
  title={Accurate modeling of Modbus/TCP for intrusion detection in SCADA systems},
  author={Goldenberg, Niv and Wool, Avishai},
  journal={International Journal of Critical Infrastructure Protection},
  year={2013}
}
%%%
@inproceedings{hadvziosmanovic2014through,
  title={Through the eye of the PLC: semantic security monitoring for industrial processes},
  author={Had{\v{z}}iosmanovi{\'c}, Dina and Sommer, Robin and Zambon, Emmanuele and Hartel, Pieter H},
  booktitle={ACSAC 2014},
}

@inproceedings{mclaughlin2012sabot,
  title={SABOT: specification-based payload generation for programmable logic controllers},
  author={McLaughlin, Stephen and McDaniel, Patrick},
  booktitle={ACM CCS 2012},
}

@inproceedings{caselli2015modeling,
  title={Modeling message sequences for intrusion detection in industrial control systems},
  author={Caselli, Marco and Zambon, Emmanuele and Petit, Jonathan and Kargl, Frank},
  booktitle={International Conference on Critical Infrastructure Protection},
  year={2015},
}


@inproceedings{mclaughlin2011dynamic,
  title={On Dynamic Malware Payloads Aimed at Programmable Logic Controllers.},
  author={McLaughlin, Stephen E},
  booktitle={HotSec},
  year={2011}
}


%%%

@inproceedings{mclaughlin2014trusted,
  title={A Trusted Safety Verifier for Process Controller Code.},
  author={McLaughlin, Stephen E and Zonouz, Saman A and Pohly, Devin J and McDaniel, Patrick D},
  booktitle={NDSS},
  year={2014}
}

@inproceedings{wang2012attestation,
  title={Attestation \& authentication for usb communications},
  author={Wang, Zhaohui and Stavrou, Angelos},
  booktitle={Software Security and Reliability Companion (SERE-C), 2012 IEEE Sixth International Conference on},
}


@article{he2014enhanced,
  title={Enhanced three-factor security protocol for consumer USB mass storage devices},
  author={He, Debiao and Kumar, Neeraj and Lee, Jong-Hyouk and Sherratt, R},
  journal={IEEE Transactions on Consumer Electronics},
  year={2014},
}


@inproceedings{Fabian:2007,
 author = {Fabian, Michael},
 title = {Endpoint Security: Managing USB-based Removable Devices with the Advent of Portable Applications},
 series = {InfoSecCD '07},
} 

@article{langner2011stuxnet,
  title={Stuxnet: Dissecting a cyberwarfare weapon},
  author={Langner, Ralph},
  journal={IEEE S\&P 2011},
}

@misc{httpArc, title={HTTP Archive-Web Sites}, howpublished={\url{http://httparchive.org/websites.php}}, journal={HTTP Archive - Web Sites}}

@misc{pd, title={Pingdom Tools}, howpublished={\url{https://tools.pingdom.com}}, journal={Website speed test}}

%%usb security

@inproceedings {usbfilter,
	author = {Dave (Jing) Tian and Nolen Scaife and Adam Bates and Kevin Butler and Patrick Traynor},
	title = {Making {USB} Great Again with {USBFILTER}},
	booktitle = {25th {USENIX} Security Symposium ({USENIX} Security 16)}
}

@inproceedings{goodusb,
 author = {Tian, Dave Jing and Bates, Adam and Butler, Kevin},
 title = {Defending Against Malicious USB Firmware with GoodUSB},
 booktitle = {Proceedings of the 31st Annual Computer Security Applications Conference},
 series = {ACSAC 2015},
 publisher = {ACM}
} 


@INPROCEEDINGS{a2,
author={K. Yang and M. Hicks and Q. Dong and T. Austin and D. Sylvester},
booktitle={S\& P 2016},
title={A2: Analog Malicious Hardware}}


@Inbook{Lin2009,
author="Lin, Lang
and Kasper, Markus
and G{\"u}neysu, Tim
and Paar, Christof
and Burleson, Wayne",
editor="Clavier, Christophe
and Gaj, Kris",
title="Trojan Side-Channels: Lightweight Hardware Trojans through Side-Channel Engineering",
bookTitle="CHES 2009"
}

@article{provos2007ghost,
  title={The Ghost in the Browser: Analysis of Web-based Malware.},
  author={Provos, Niels and McNamee, Dean and Mavrommatis, Panayiotis and Wang, Ke and Modadugu, Nagendra and others},
  journal={HotBots},
  year={2007}
}

@article{dougan2012man,
  title={Man in the browser attacks},
  author={Dougan, Timothy and Curran, Kevin},
  journal={International Journal of Ambient Computing and Intelligence (IJACI)},
  year={2012},
  publisher={IGI Global}
}

%drive by download
@article{mavrommatis2008all,
  title={All your iframes point to us},
  author={Mavrommatis, Niels Provos Panayiotis and Monrose, Moheeb Abu Rajab Fabian},
  year={2008}
}

@inproceedings{rieck2010cujo,
  title={Cujo: efficient detection and prevention of drive-by-download attacks},
  author={Rieck, Konrad and Krueger, Tammo and Dewald, Andreas},
  booktitle={ACM CCS 2010},
}

@inproceedings{cova2010detection,
  title={Detection and analysis of drive-by-download attacks and malicious JavaScript code},
  author={Cova, Marco and Kruegel, Christopher and Vigna, Giovanni},
  booktitle={WWW 2010}
}

@inproceedings{egele2009mitigating,
  title={Mitigating Drive-By Download Attacks: Challenges and Open Problems.},
  author={Egele, Manuel and Kirda, Engin and Kruegel, Christopher},
  booktitle={iNetSeC},
  year={2009},
}

@article{hsu2011browserguard,
  title={Browserguard: A behavior-based solution to drive-by-download attacks},
  author={Hsu, Fu-Hau and Tso, Chang-Kuo and Yeh, Yi-Chun and Wang, Wei-Jen and Chen, Li-Han},
  journal={IEEE Journal on Selected areas in communications},
  year={2011}
}

@article{egele2009defending,
  title={Defending browsers against drive-by downloads: Mitigating heap-spraying code injection attacks},
  author={Egele, Manuel and Wurzinger, Peter and Kruegel, Christopher and Kirda, Engin},
  journal={Detection of Intrusions and Malware, and Vulnerability Assessment},
  year={2009},
  publisher={Springer}
}

@inproceedings{le2013anatomy,
  title={Anatomy of drive-by download attack},
  author={Le, Van Lam and Welch, Ian and Gao, Xiaoying and Komisarczuk, Peter},
  booktitle={Proceedings of the Eleventh Australasian Information Security Conference-Volume 138},
  year={2013},
  organization={Australian Computer Society, Inc.}
}

@inproceedings{zhang2011arrow,
  title={Arrow: Generating signatures to detect drive-by downloads},
  author={Zhang, Junjie and Seifert, Christian and Stokes, Jack W and Lee, Wenke},
  booktitle={Proceedings of the 20th international conference on World wide web},
  year={2011},
  organization={ACM}
}

@article{bang2010secure,
  title={Secure USB bypassing tool},
  author={Bang, Jewan and Yoo, Byeongyeong and Lee, Sangjin},
  journal={digital investigation},
  year={2010}
}

%%2nd factor
@inproceedings{mannan2007using,
  title={Using a personal device to strengthen password authentication from an untrusted computer},
  author={Mannan, Mohammad and Van Oorschot, Paul C},
  booktitle={FC},
  year={2007},
}

@article{jin2004biohashing,
  title={Biohashing: two factor authentication featuring fingerprint data and tokenised random number},
  author={Jin, Andrew Teoh Beng and Ling, David Ngo Chek and Goh, Alwyn},
  journal={Pattern recognition},
  year={2004},
  publisher={Elsevier}
}

@article{gunson2011user,
  title={User perceptions of security and usability of single-factor and two-factor authentication in automated telephone banking},
  author={Gunson, Nancie and Marshall, Diarmid and Morton, Hazel and Jack, Mervyn},
  journal={Computers \& Security},
  year={2011}
}

@article{clarke2007advanced,
  title={Advanced user authentication for mobile devices},
  author={Clarke, Nathan Luke and Furnell, SM},
  journal={computers \& security},
  year={2007}
}

@inproceedings{adida2007beamauth,
  title={Beamauth: two-factor web authentication with a bookmark},
  author={Adida, Ben},
  booktitle={CCS},
  year={2007}
}

@inproceedings{bonneau2012quest,
  title={The quest to replace passwords: A framework for comparative evaluation of web authentication schemes},
  author={Bonneau, Joseph and Herley, Cormac and Van Oorschot, Paul C and Stajano, Frank},
  booktitle={S\&P},
  year={2012}
}


@article{khan2010cryptanalysis,
  title={Cryptanalysis and security improvements of ‘two-factor user authentication in wireless sensor networks’},
  author={Khan, Muhammad Khurram and Alghathbar, Khaled},
  journal={Sensors},
  year={2010}
}

%Zero day

@inproceedings{bilge2012before,
  title={Before we knew it: an empirical study of zero-day attacks in the real world},
  author={Bilge, Leyla and Dumitras, Tudor},
  booktitle={CCS},
  year={2012}
}

@inproceedings{crandall2005deriving,
  title={On deriving unknown vulnerabilities from zero-day polymorphic and metamorphic worm exploits},
  author={Crandall, Jedidiah R and Su, Zhendong and Wu, S Felix and Chong, Frederic T},
  booktitle={CCS},
  year={2005}
}

@inproceedings{egelman2013markets,
  title={Markets for zero-day exploits: Ethics and implications},
  author={Egelman, Serge and Herley, Cormac and Van Oorschot, Paul C},
  booktitle={Proceedings of the 2013 workshop on New security paradigms workshop},
  organization={ACM}
}

@inproceedings{grace2012riskranker,
  title={Riskranker: scalable and accurate zero-day android malware detection},
  author={Grace, Michael and Zhou, Yajin and Zhang, Qiang and Zou, Shihong and Jiang, Xuxian},
  booktitle={Proceedings of the 10th international conference on Mobile systems, applications, and services},
  year={2012},
}


@inproceedings{portokalidis2008eudaemon,
  title={Eudaemon: Involuntary and on-demand emulation against zero-day exploits},
  author={Portokalidis, Georgios and Bos, Herbert},
  booktitle={ACM SIGOPS Operating Systems Review},
  year={2008},
}

@inproceedings{wang2010k,
  title={k-Zero Day Safety: Measuring the Security Risk of Networks against Unknown Attacks.},
  author={Wang, Lingyu and Jajodia, Sushil and Singhal, Anoop and Noel, Steven},
  booktitle={ESORICS},
  year={2010},
}

@article{leita2007sgnet,
  title={SGNET: a distributed infrastructure to handle zero-day exploits},
  author={Leita, Corrado and Dacier, Marc and Wicherski, Georg},
  journal={Institut Eurecom, France, Tech. Rep. EURECOM},
  year={2007}
}

@inproceedings{portokalidis2006argos,
  title={Argos: an emulator for fingerprinting zero-day attacks for advertised honeypots with automatic signature generation},
  author={Portokalidis, Georgios and Slowinska, Asia and Bos, Herbert},
  booktitle={ACM SIGOPS Operating Systems Review},
  year={2006},
}

@article{modi2013survey,
  title={A survey of intrusion detection techniques in cloud},
  author={Modi, Chirag and Patel, Dhiren and Borisaniya, Bhavesh and Patel, Hiren and Patel, Avi and Rajarajan, Muttukrishnan},
  journal={Journal of Network and Computer Applications},
  year={2013}
}

@inproceedings{wang2006automated,
  title={Automated web patrol with strider honeymonkeys},
  author={Wang, Yi-Min and Beck, Doug and Jiang, Xuxian and Roussev, Roussi and Verbowski, Chad and Chen, Shuo and King, Sam},
  booktitle={Proceedings of the 2006 Network and Distributed System Security Symposium},
  year={2006}
}

@misc{alexa, title={The top 500 sites on the web}, howpublished={\url{https://www.alexa.com/topsites}}, journal={Alexa Top 500 Global Sites}}

@misc{ha, title={Home Assistant Demo}, howpublished={\url{https://home-assistant.io/demo/}}, journal={Home Assistant Demo}}

@misc{controlbyweb, title={X-600M | Web Enabled I/O Controller}, howpublished={\url{https://www.controlbyweb.com/x600m}}, journal={ControlByWeb}}

@Inbook{Salomaa1997,
author="Salomaa, Kai
and Yu, Sheng",
editor="Raymond, Darrell
and Wood, Derick
and Yu, Sheng",
title="NFA to DFA transformation for finite languages",
bookTitle="Automata Implementation: First International Workshop on Implementing Automata, WIA '96 London, Ontario, Canada, August 29--31, 1996 Revised Papers",
year="1997"
}

%webusb and webbt
@misc{webusb, title={WebUSB API}, howpublished = {\url{https://wicg.github.io/webusb/}}, journal={WebUSB API}}

@misc{webbt, title={Web Bluetooth}, howpublished = {\url{https://webbluetoothcg.github.io/web-bluetooth/}}, journal={Web Bluetooth API}}

%%plc examples
@misc{siemens, title={Sitraffic smartGuard}, howpublished={\url{https://www.siemens.com/global/en/home/products/mobility/road-solutions/traffic-management/strategic-management-and-coordination/centrals/smartguard.html}}, journal={Sitraffic smartGuard - Centrals - Siemens Global Website}}

@misc{siemens2, title={SIMATIC S7-1200}, howpublished={\url{https://www.siemens.com/global/en/home/products/automation/systems/industrial/plc/s7-1200.html}}, journal={SIMATIC S7-1200 - SIMATIC Controllers - Siemens Global Website}}

@misc{schneider, title={Modicon Momentum}, howpublished={\url{https://www.schneider-electric.us/en/product-range/535-modicon-momentum}}, journal={Standard - Modicon Momentum | Schneider Electric}}

@misc{sgx, title={Intel SGX homepage}, howpublished={\url{https://software.intel.com/en-us/sgx}}}

@misc{txt, title={Intel Trusted Execution Technology}, howpublished={\url{https://software.intel.com/en-us/articles/intel-trusted-execution-technology}}}



@article{costan2016intel,
  title={Intel SGX Explained.},
  author={Costan, Victor and Devadas, Srinivas},
  journal={IACR Cryptology ePrint Archive},
  year={2016}
}

@inproceedings{nie2007dynamic,
  title={Dynamic root of trust in trusted computing},
  author={Nie, Cong},
  booktitle={TKK T1105290 Seminar on Network Security},
  year={2007},
  organization={Citeseer}
}

@inproceedings{mccune2008flicker,
  title={Flicker: An execution infrastructure for TCB minimization},
  author={McCune, Jonathan M and Parno, Bryan J and Perrig, Adrian and Reiter, Michael K and Isozaki, Hiroshi},
  booktitle={ACM SIGOPS Operating Systems Review},
  year={2008}
}




@INPROCEEDINGS{7306669,
author={B. Mahato and T. Maity and J. Antony},
booktitle={2015 Second International Conference on Advances in Computing and Communication Engineering},
title={Embedded Web PLC: A New Advances in Industrial Control and Automation}}

%social engg
@article{granger2001social,
  title={Social engineering fundamentals, part I: hacker tactics},
  author={Granger, Sarah},
  journal={Security Focus, December},
  year={2001}
}

%ui manipulation
@inproceedings{huang2012clickjacking,
  title={Clickjacking: Attacks and Defenses.},
  author={Huang, Lin-Shung and Moshchuk, Alexander and Wang, Helen J and Schecter, Stuart and Jackson, Collin},
  booktitle={USENIX security symposium},
  year={2012}
}

@article{rydstedt2010busting,
  title={Busting frame busting: a study of clickjacking vulnerabilities at popular sites},
  author={Rydstedt, Gustav and Bursztein, Elie and Boneh, Dan and Jackson, Collin},
  journal={IEEE Oakland Web},
  year={2010}
}

@INPROCEEDINGS{6978928,
author={S. Kiljan and H. Vranken and M. Van Eekelen},
booktitle={2014 Workshop on Socio-Technical Aspects in Security and Trust},
title={What You Enter Is What You Sign: Input Integrity in an Online Banking Environment}}

%sec indicator

@inproceedings {197283,
author = {Adrienne Porter Felt and Robert W. Reeder and Alex Ainslie and Helen Harris and Max Walker and Christopher Thompson and Mustafa Embre Acer and Elisabeth Morant and Sunny Consolvo},
title = {Rethinking Connection Security Indicators},
booktitle = {SOUPS 2016)},

}

@inproceedings{41927,
title = {Experimenting At Scale With Google Chrome's SSL Warning},
author  = {Adrienne Porter Felt and Robert W. Reeder and Hazim Almuhimedi and Sunny Consolvo},
year  = {2014},
booktitle = {CHI}
}

@misc{i2c, title={I2C}, howpublished={\url{https://learn.sparkfun.com/tutorials/i2c}}, journal={I2C},
note = {Accessed on 27.04.2018}, year={2018}}


@misc{brics, title={dk.brics.automaton - finite-state automata and regular expression for Java}, howpublished={\url{http://www.brics.dk/automaton/}}}

%%new references from s&p reviews
@INPROCEEDINGS{binder,
author={Weidong Cui and R. H. Katz and Wai-tian Tan},
booktitle={ACSAC'05},
title={Design and implementation of an extrusion-based break-in detector for personal computers},
}

@inproceedings{nab,
 author = {Gummadi, Ramakrishna and Balakrishnan, Hari and Maniatis, Petros and Ratnasamy, Sylvia},
 title = {Not-a-Bot: Improving Service Availability in the Face of Botnet Attacks},
 booktitle = {NSDI 2009},
} 

@inproceedings{gyrus,
  title={Gyrus: A Framework for User-Intent Monitoring of Text-based Networked Applications.},
  author={Jang, Yeongjin and Chung, Simon P and Payne, Bryan D and Lee, Wenke},
  booktitle={NDSS},
  year={2014}
}

%trusted path
@inproceedings{sgxio,
 author = {Weiser, Samuel and Werner, Mario},
 title = {SGXIO: Generic Trusted I/O Path for Intel SGX},
 series = {CODASPY '17},
} 

@INPROCEEDINGS{utp,
author={A. Filyanov and J. M. McCuney and A. R. Sadeghiz and M. Winandy},
booktitle={IEEE/IFIP DSN 2011},
title={Uni-directional trusted path: Transaction confirmation on just one device}}

@inproceedings{weigold2011,
  title={Secure confirmation of sensitive transaction data in modern Internet banking services},
  author={Weigold, Thomas and Hiltgen, Alain},
  booktitle={WorldCIS 2011 }
}

@INPROCEEDINGS{x86,
author={Z. Zhou and V. D. Gligor and J. Newsome and J. M. McCune},
booktitle={2012 IEEE Symposium on Security and Privacy},
title={Building Verifiable Trusted Path on Commodity x86 Computers},}

@INPROCEEDINGS{wimpyKernel,
author={Z. Zhou and M. Yu and V. D. Gligor},
booktitle={S\&P 2014},
title={Dancing with Giants: Wimpy Kernels for On-Demand Isolated I/O},}

@inproceedings{schechter2007emperor,
  title={The emperor's new security indicators},
  author={Schechter, Stuart E and Dhamija, Rachna and Ozment, Andy and Fischer, Ian},
  booktitle={S\&P'07},
}

@article{hashizume2013analysis,
  title={An analysis of security issues for cloud computing},
  author={Hashizume, Keiko and Rosado, David G and Fern{\'a}ndez-Medina, Eduardo and Fernandez, Eduardo B},
  journal={Journal of internet services and applications},
  year={2013}
}

@inproceedings{perez2013characterizing,
  title={Characterizing hypervisor vulnerabilities in cloud computing servers},
  author={Perez-Botero, Diego and Szefer, Jakub and Lee, Ruby B},
  booktitle={Proceedings of the 2013 international workshop on Security in cloud computing},
}

@misc{bitgo, title={Making Digital Currencies Usable for Business}, url={https://www.bitgo.com/}, journal={BitGo}}

@misc{gordon, title={Fake, misleading social media posts exploding globally, Oxford study finds}, url={https://www.mcclatchydc.com/news/nation-world/national/national-security/article215188910.html}, journal={mcclatchydc}, publisher={McClatchy Washington Bureau}, author={Gordon, Greg}}

@article{fitzpatrickmedia,
  title={Media Manipulation 2.0: The Impact of Social Media on News, Competition, and Accuracy},
  author={Fitzpatrick, Neill}
}

@inproceedings{lee2013crowdturfers,
  title={Crowdturfers, Campaigns, and Social Media: Tracking and Revealing Crowdsourced Manipulation of Social Media.},
  author={Lee, Kyumin and Tamilarasan, Prithivi and Caverlee, James},
  booktitle={ICWSM},
  year={2013}
}

@article{ferrara2015manipulation,
  title={Manipulation and abuse on social media by emilio ferrara with ching-man au yeung as coordinator},
  author={Ferrara, Emilio},
  journal={ACM SIGWEB Newsletter},
  number={Spring},
  year={2015}
}

@misc{bitcoinwallet, title={BitcoinWallet.com}, url={https://bitcoinwallet.com/}, journal={https://bitcoinwallet.com}}
@misc{coinbase, title={Coinbase - Buy/Sell Digital Currency}, url={https://www.coinbase.com/}, journal={Buy/Sell Digital Currency - Coinbase}}
@misc{coin, title={Coin}, url={https://coin.space/}, journal={Coin}}
@misc{blockchain, title={Bitcoin Wallet - Store and invest in crypto}, url={https://www.blockchain.com/wallet}, journal={Blockchain}}


@misc{userstudy, title={IntegriKey user study instruction sheet}, url={https://goo.gl/oMFQBW}}
@misc{webuseb_google, title={Access USB Devices on the Web  |  Web  |  Google Developers}, url={https://developers.google.com/web/updates/2016/03/access-usb-devices-on-the-web}, journal={Google}, publisher={Google}}

